

@article{Bern1760,
  author =        {Bernoulli, D.},
  journal =       {M\'em Mathematical Physics Academy Royal Science
                   Paris},
  pages =         {1-45},
  title =         {Essai d'une nouvelle analyse de la mortalit\'e
                   caus\'ee par la petite v\'erole et des advantages de
                   l'inoculation pour la pr\'evenir},
  volume =        {{}},
  year =          {1760},
}

@book{Ross11,
  address =       {London},
  author =        {Ross, R.},
  edition =       {2nd},
  publisher =     {Murray},
  title =         {The prevention of malaria},
  year =          {1911},
}

@article{KermMcKe27,
  author =        {Kermack, W. O. and McKendrick, A. G.},
  journal =       {Proceedings of the Royal Society of London Series A},
  pages =         {700-721},
  title =         {A contribution to the mathematical theory of
                   epidemics},
  volume =        {115},
  year =          {1927},
}

@article{Bart57,
  author =        {Bartlett, M. S.},
  journal =       {Journal of the Royal Statistical Society Series A},
  pages =         {48-70},
  title =         {Measles periodicity and community size},
  volume =        {120},
  year =          {1957},
}

@book{Bail75,
  address =       {New York},
  author =        {Bailey, N. T. J.},
  edition =       {second},
  publisher =     {Hafner Press},
  title =         {{The Mathematical Theory of Infectious Diseases and
                   its Applications}},
  year =          {1975},
}

@book{AndeMay91,
  address =       {Oxford},
  author =        {Anderson, R. M. and May, R. M.},
  publisher =     {Oxford University Press},
  title =         {Infectious Diseases of Humans: Dynamics and Control},
  year =          {1991},
}

